% Encoding: utf-8

@book{AdvComb,
	title = {Advanced Combinatorics},
	author = {Louis Comtet},
	year = 1974,
	publisher = {Springer Dordrecht}
}

@book{Barabasi2016-np,
	title = {Network Science},
	author = {Barabasi, Albert-Laszlo},
	year = 2016,
	publisher = {Cambridge University Press},
}

@article{batagelj2005efficient,
	title = {Efficient generation of large random networks},
	author = {Batagelj, V. and Brandes, U.},
	year = 2005,
	journal = {Phys. Rev. E},
	volume = 71,
	number = 3,
	doi = {10.1103/physreve.71.036113}
}

@article{Bel58,
	title = {ON A ROUTING PROBLEM},
	author = {Richard Bellman},
	year = 1958,
	journal = {Quarterly of Applied Mathematics},
	volume = 16,
	number = 1,
	pages = {87--90},
}

@book{bollobas1985random,
	title = {Random graphs},
	author = {Bollob{\'{a}}s, B.},
	year = 1985,
	publisher = {Academic Press},
}

@phdthesis{CarstensPhd,
	title = {{Topology of Complex Networks: Models and Analysis}},
	author = {Carstens, C. J.},
	year = 2016,
	school = {RMIT University}
}

@article{DEMARTINO2018e00596,
	title = {An introduction to the maximum entropy approach and its application to inference problems in biology},
	author = {Andrea {De Martino} and Daniele {De Martino}},
	year = 2018,
	journal = {Heliyon},
	volume = 4,
	number = 4,
	pages = {e00596},
	doi = {https://doi.org/10.1016/j.heliyon.2018.e00596},
}

@article{erdds1959random,
	title = {{On Random Graphs I.}},
	author = {Erd\H{o}s, P. and R{\'e}nyi, A.},
	year = 1959,
	journal = {Publicationes Mathematicae (Debrecen)},
	volume = 6,
}

@article{gen/rhg,
	title = {Hyperbolic geometry of complex networks},
	author = {Krioukov, Dmitri and Papadopoulos, Fragkiskos and Kitsak, Maksim and Vahdat, Amin and Bogu\~n\'a, Mari\'an},
	year = 2010,
	journal = {Phys. Rev. E},
	volume = 82,
	pages = {036106},
	doi = {10.1103/PhysRevE.82.036106},
}

@article{GeomBounds,
	title = {{Geometric Bounds for Eigenvalues of Markov Chains}},
	author = {Persi Diaconis and Daniel Stroock},
	year = 1991,
	journal = {The Annals of Applied Probability},
	volume = 1,
	number = 1,
	pages = {36 -- 61},
	doi = {10.1214/aoap/1177005980},
}

@article{gilbert1959random,
	title = {Random Graphs},
	author = {Gilbert, E. N.},
	year = 1959,
	journal = {The Annals of Mathematical Statistics},
	volume = 30,
	number = 4,
	doi = {10.1214/aoms/1177706098}
}

@book{gotelli1996null,
	title = {Null models in ecology},
	author = {Gotelli, N. J. and Graves, G. R.},
	year = 1996,
	publisher = {Smithsonian Institution}
}

@article{Isoperimetric,
	title = {Isoperimetric numbers of graphs},
	author = {Bojan Mohar},
	year = 1989,
	journal = {J. Comb. Theory, Series B},
	volume = 47,
	number = 3,
	pages = {274--291},
	doi = {https://doi.org/10.1016/0095-8956(89)90029-4},
}

@article{KAUR201621,
	title = {Analyzing negative ties in social networks: A survey},
	author = {Mankirat Kaur and Sarbjeet Singh},
	year = 2016,
	journal = {Egyptian Informatics J.},
	volume = 17,
	number = 1,
	pages = {21--43},
	doi = {https://doi.org/10.1016/j.eij.2015.08.002},
}

@book{levin2017markov,
	title = {Markov chains and mixing times},
	author = {Levin, David A and Peres, Yuval},
	year = 2017,
	publisher = {American Mathematical Soc.},
	volume = 107
}

@article{mckay1985asymptotics,
	title = {Asymptotics for symmetric 0-1 matrices with prescribed row sums},
	author = {McKay, B. D.},
	year = 1985,
	journal = {Ars Combinatoria},
	volume = 19,
	pages = {15--25}
}

@article{Milo824,
	title = {Network Motifs: Simple Building Blocks of Complex Networks},
	author = {Milo, R.},
	year = 2002,
	journal = {Science},
	volume = 298,
	number = 5594,
	doi = {10.1126/science.298.5594.824}
}

@book{newmann10,
	title = {{Networks --- An Introduction}},
	author = {Newman, M. E. J.},
	year = 2010,
	publisher = {Oxford University Press},
}

@book{Ford56,
	title = {{Network Flow Theory}},
	author = {Lester R. Ford Jr.},
	year = 1956,
	publisher = {RAND Corporation},
}

@techreport{pcgrng,
	title = {PCG: A Family of Simple Fast Space-Efficient Statistically Good Algorithms for Random Number Generation},
	author = {Melissa E. O'Neill},
	year = 2014,
	month = Sep,
	number = {HMC-CS-2014-0905},
	institution = {Harvey Mudd College},
}

@article{Peixto15,
	title = {Model Selection and Hypothesis Testing for Large-Scale Network Models with Overlapping Groups},
	author = {Peixoto, T. P.},
	year = 2015,
	journal = {Phys. Rev. X},
	volume = 5,
	number = 1,
	doi = {10.1103/physrevx.5.011033}
}

@article{rao1996markov,
	title = {A Markov chain Monte Carlo method for generating random (0, 1)-matrices with given marginals},
	author = {Rao, A. R. and Jana, R. and Bandyopadhyay, S.},
	year = 1996,
	journal = {Sankhy{\=a}: The Indian J. Statistics, Series A},
}

@article{RobertsRosenthal04,
	title = {{General state space Markov chains and MCMC algorithms}},
	author = {Gareth O. Roberts and Jeffrey S. Rosenthal},
	year = 2004,
	journal = {Probability Surveys},
	volume = 1,
	number = {none},
	pages = {20 -- 71},
	doi = {10.1214/154957804100000024},
}

@article{sinclair1992improved,
	title = {Improved bounds for mixing rates of Markov chains and multicommodity flow},
	author = {Sinclair, Alistair},
	year = 1992,
	journal = {Combinatorics, probability and Computing},
	volume = 1,
	number = 4,
	pages = {351--370}
}

@inproceedings{SparseSSSPavg,
	title = {New Bounds for Old Algorithms: On the Average-Case Behavior of Classic Single-Source Shortest-Paths Approaches},
	author = {Meyer, Ulrich and Negoescu, Andrei and Weichert, Volker},
	year = 2011,
	booktitle = {Theory and Practice of Algorithms in (Computer) Systems},
	publisher = {Springer Berlin Heidelberg},
	pages = {217--228},
}

@article{strona2014curveball,
	title = {A fast and unbiased procedure to randomize ecological binary matrices with fixed row and column totals},
	author = {Strona, G. and Nappo, D. and Boccacci, F. and Fattorini, S. and Miguel-Ayanz, J.},
	year = 2014,
	journal = {Nature Commun.},
	doi = {https://doi.org/10.1038/ncomms5114}
}

@article{tinney1967direct,
	title = {Direct solutions of sparse network equations by optimally ordered triangular factorization},
	author = {Tinney, William F and Walker, John W},
	year = 1967,
	journal = {Proc. of the IEEE},
	volume = 55,
	number = 11,
	pages = {1801--1809}
}

@inproceedings{UniformDist,
	title = {Polynomial coefficients and distribution of the sum of discrete uniform variables},
	author = {Caiado, Camila C. S. and Rathie, Pushpa N.},
	year = 2007,
	booktitle = {{Proc. of SSFA}}
}

@article{PotentialsOriginal,
	author = {Edmonds, Jack and Karp, Richard M.},
	title = {Theoretical Improvements in Algorithmic Efficiency for Network Flow Problems},
	year = {1972},
	volume = {19},
	number = {2},
	doi = {10.1145/321694.321699},
	journal = {J. ACM},
	pages = {248â€“264},
}

@inproceedings{9996870,
	author = {Bernstein, Aaron and Nanongkai, Danupon and Wulff-Nilsen, Christian},
	booktitle = {Proc. of {FOCS}},
	title = {Negative-Weight Single-Source Shortest Paths in Near-linear Time},
	year = {2022},
	pages = {600-611},
	doi = {10.1109/FOCS54457.2022.00063}
}

@incollection{DBLP:books/crc/22/PenschuckBHL0S0022,
  author       = {Manuel Penschuck and
                  Ulrik Brandes and
                  Michael Hamann and
                  Sebastian Lamm and
                  Ulrich Meyer and
                  Ilya Safro and
                  Peter Sanders and
                  Christian Schulz},
  title        = {Recent Advances in Scalable Network Generation1},
  booktitle    = {Massive Graph Analytics},
  pages        = {333--376},
  publisher    = {Chapman and Hall/CRC},
  year         = {2022}
}


@book{DBLP:books/cu/H2016,
  author       = {Remco van der Hofstad},
  title        = {Random Graphs and Complex Networks},
  series       = {Cambridge Series in Statistical and Probabilistic Mathematics},
  volume       = {43},
  publisher    = {Cambridge University Press},
  year         = {2016}
}


@book{DBLP:books/daglib/0012859,
  author       = {Michael Mitzenmacher and
                  Eli Upfal},
  title        = {Probability and Computing: Randomized Algorithms and Probabilistic
                  Analysis},
  publisher    = {Cambridge University Press},
  year         = {2005}
}


@inproceedings{DBLP:conf/alenex/Allendorf0PTW22,
  author       = {Daniel Allendorf and
                  Ulrich Meyer and
                  Manuel Penschuck and
                  Hung Tran and
                  Nick Wormald},
  title        = {Engineering Uniform Sampling of Graphs with a Prescribed Power-law
                  Degree Sequence},
  booktitle    = {{ALENEX}},
  pages        = {27--40},
  publisher    = {{SIAM}},
  year         = {2022}
}


@inproceedings{DBLP:conf/alenex/GkantsidisMMZ03,
  author       = {Christos Gkantsidis and
                  Milena Mihail and
                  Ellen W. Zegura},
  title        = {The Markov Chain Simulation Method for Generating Connected Power
                  Law Random Graphs},
  booktitle    = {{ALENEX}},
  pages        = {16--25},
  publisher    = {{SIAM}},
  year         = {2003}
}


@inproceedings{DBLP:conf/alenex/StantonP11,
  author       = {Isabelle Stanton and
                  Ali Pinar},
  title        = {Sampling Graphs with a Prescribed Joint Degree Distribution Using
                  Markov Chains},
  booktitle    = {{ALENEX}},
  pages        = {151--163},
  publisher    = {{SIAM}},
  year         = {2011}
}


@inproceedings{DBLP:conf/clei/CostanzoRNG21,
  author       = {Manuel Costanzo and
                  Enzo Rucci and
                  Marcelo R. Naiouf and
                  Armando De Giusti},
  title        = {Performance vs Programming Effort between Rust and {C} on Multicore
                  Architectures: Case Study in N-Body},
  booktitle    = {{CLEI}},
  pages        = {1--10},
  publisher    = {{IEEE}},
  year         = {2021}
}


@inproceedings{DBLP:conf/coco/Karp72,
  author       = {Richard M. Karp},
  title        = {Reducibility Among Combinatorial Problems},
  booktitle    = {Complexity of Computer Computations},
  series       = {The {IBM} Research Symposia Series},
  pages        = {85--103},
  publisher    = {Plenum Press, New York},
  year         = {1972}
}


@inproceedings{DBLP:conf/dexa/ArafatBDB20,
  author       = {Naheed Anjum Arafat and
                  Debabrota Basu and
                  Laurent Decreusefond and
                  St{\'{e}}phane Bressan},
  title        = {Construction and Random Generation of Hypergraphs with Prescribed
                  Degree and Dimension Sequences},
  booktitle    = {{DEXA} {(2)}},
  series       = {{LNCS}},
  volume       = {12392},
  pages        = {130--145},
  publisher    = {Springer},
  year         = {2020}
}


@inproceedings{DBLP:conf/edbt/NobariLKB11,
  author       = {Sadegh Nobari and
                  Xuesong Lu and
                  Panagiotis Karras and
                  St{\'{e}}phane Bressan},
  title        = {Fast random graph generation},
  booktitle    = {{EDBT}},
  pages        = {331--342},
  publisher    = {{ACM}},
  year         = {2011}
}


@inproceedings{DBLP:conf/esa/CarstensH0PTW18,
  author       = {Corrie Jacobien Carstens and
                  Michael Hamann and
                  Ulrich Meyer and
                  Manuel Penschuck and
                  Hung Tran and
                  Dorothea Wagner},
  title        = {Parallel and {I/O}-efficient Randomisation of Massive Networks using
                  Global Curveball Trades},
  booktitle    = {{ESA}},
  series       = {LIPIcs},
  volume       = {112},
  pages        = {11:1--11:15},
  publisher    = {Schloss Dagstuhl},
  year         = {2018}
}


@inproceedings{DBLP:conf/icpp/BhuiyanCKM14,
  author       = {Md Hasanuzzaman Bhuiyan and
                  Jiangzhuo Chen and
                  Maleq Khan and
                  Madhav V. Marathe},
  title        = {Fast Parallel Algorithms for Edge-Switching to Achieve a Target Visit
                  Rate in Heterogeneous Graphs},
  booktitle    = {{ICPP}},
  pages        = {60--69},
  publisher    = {{IEEE} Computer Society},
  year         = {2014}
}


@inproceedings{DBLP:conf/iwoca/BlasiusW23,
  author       = {Thomas Bl{\"{a}}sius and
                  Marcus Wilhelm},
  title        = {Deterministic Performance Guarantees for Bidirectional {BFS} on Real-World
                  Networks},
  booktitle    = {{IWOCA}},
  series       = {{LNCS}},
  volume       = {13889},
  pages        = {99--110},
  publisher    = {Springer},
  year         = {2023}
}


@inproceedings{DBLP:conf/soda/BollobasBCR03,
  author       = {B{\'{e}}la Bollob{\'{a}}s and
                  Christian Borgs and
                  Jennifer T. Chayes and
                  Oliver Riordan},
  title        = {Directed scale-free graphs},
  booktitle    = {{SODA}},
  pages        = {132--139},
  publisher    = {{ACM/SIAM}},
  year         = {2003}
}


@inproceedings{DBLP:conf/soda/GaoW18,
  author       = {Pu Gao and
                  Nicholas C. Wormald},
  title        = {Uniform generation of random graphs with power-law degree sequences},
  booktitle    = {{SODA}},
  pages        = {1741--1758},
  publisher    = {{SIAM}},
  year         = {2018}
}


@inproceedings{DBLP:conf/stacs/AmanatidisK23,
  author       = {Georgios Amanatidis and
                  Pieter Kleer},
  title        = {Approximate Sampling and Counting of Graphs with Near-Regular Degree
                  Intervals},
  booktitle    = {{STACS}},
  series       = {LIPIcs},
  volume       = {254},
  pages        = {7:1--7:23},
  publisher    = {Schloss Dagstuhl},
  year         = {2023}
}


@inproceedings{DBLP:conf/wae/DemetrescuFMN00,
  author       = {Camil Demetrescu and
                  Daniele Frigioni and
                  Alberto Marchetti{-}Spaccamela and
                  Umberto Nanni},
  title        = {Maintaining Shortest Paths in Digraphs with Arbitrary Arc Weights:
                  An Experimental Study},
  booktitle    = {{WAE}},
  series       = {{LNCS}},
  volume       = {1982},
  pages        = {218--229},
  publisher    = {Springer},
  year         = {2000}
}


@article{DBLP:journals/compnet/VigerL16,
  author       = {Fabien Viger and
                  Matthieu Latapy},
  title        = {Efficient and simple generation of random simple connected graphs
                  with prescribed degree sequence},
  journal      = {J. Complex Networks},
  volume       = {4},
  number       = {1},
  pages        = {15--37},
  year         = {2016}
}


@article{DBLP:journals/corr/abs-1903-06600,
  author       = {P{\'{e}}ter L. Erd{\"{o}}s and
                  Catherine S. Greenhill and
                  Tam{\'{a}}s R{\'{o}}bert Mezei and
                  Istv{\'{a}}n Mikl{\'{o}}s and
                  Daniel Solt{\'{e}}sz and
                  Lajos Soukup},
  title        = {The mixing time of the swap (switch) Markov chains: a unified approach},
  journal      = {CoRR},
  volume       = {abs/1903.06600},
  year         = {2019}
}


@article{DBLP:journals/cpc/MartinR06,
  author       = {Russell A. Martin and
                  Dana Randall},
  title        = {Disjoint Decomposition of Markov Chains and Sampling Circuits in Cayley
                  Graphs},
  journal      = {Comb. Probab. Comput.},
  volume       = {15},
  number       = {3},
  pages        = {411--448},
  year         = {2006}
}


@article{DBLP:journals/csur/DrobyshevskiyT20,
  author       = {Mikhail Drobyshevskiy and
                  Denis Turdakov},
  title        = {Random Graph Modeling: {A} Survey of the Concepts},
  journal      = {{ACM} Comput. Surv.},
  volume       = {52},
  number       = {6},
  pages        = {131:1--131:36},
  year         = {2020}
}


@article{DBLP:journals/dam/FriezeG85,
  author       = {Alan M. Frieze and
                  Geoffrey R. Grimmett},
  title        = {The shortest-path problem for graphs with random arc-lengths},
  journal      = {Discret. Appl. Math.},
  volume       = {10},
  number       = {1},
  pages        = {57--77},
  year         = {1985}
}


@article{DBLP:journals/jacm/Johnson77,
  author       = {Donald B. Johnson},
  title        = {Efficient Algorithms for Shortest Paths in Sparse Networks},
  journal      = {J. {ACM}},
  volume       = {24},
  number       = {1},
  pages        = {1--13},
  year         = {1977}
}


@article{DBLP:journals/jal/McKayW90,
  author       = {Brendan D. McKay and
                  Nicholas C. Wormald},
  title        = {Uniform Generation of Random Regular Graphs of Moderate Degree},
  journal      = {J. Algorithms},
  volume       = {11},
  number       = {1},
  pages        = {52--67},
  year         = {1990}
}


@article{DBLP:journals/jal/Wormald84,
  author       = {Nicholas C. Wormald},
  title        = {Generating Random Regular Graphs},
  journal      = {J. Algorithms},
  volume       = {5},
  number       = {2},
  pages        = {247--280},
  year         = {1984}
}


@article{DBLP:journals/jct/BenderC78,
  author       = {Edward A. Bender and
                  E. Rodney Canfield},
  title        = {The Asymptotic Number of Labeled Graphs with Given Degree Sequences},
  journal      = {J. Comb. Theory {A}},
  volume       = {24},
  number       = {3},
  pages        = {296--307},
  year         = {1978}
}


@article{DBLP:journals/jea/BorassiN19,
  author       = {Michele Borassi and
                  Emanuele Natale},
  title        = {{KADABRA} is an ADaptive Algorithm for Betweenness via Random Approximation},
  journal      = {{ACM} J. Exp. Algorithmics},
  volume       = {24},
  number       = {1},
  pages        = {1.2:1--1.2:35},
  year         = {2019}
}


@article{DBLP:journals/jea/HamannMPTW18,
  author       = {Michael Hamann and
                  Ulrich Meyer and
                  Manuel Penschuck and
                  Hung Tran and
                  Dorothea Wagner},
  title        = {{I/O}-Efficient Generation of Massive Graphs Following the \emph{LFR}
                  Benchmark},
  journal      = {{ACM} J. Exp. Algorithmics},
  volume       = {23},
  year         = {2018}
}


@article{DBLP:journals/jpdc/AllendorfMPT23,
  author       = {Daniel Allendorf and
                  Ulrich Meyer and
                  Manuel Penschuck and
                  Hung Tran},
  title        = {Parallel global edge switching for the uniform sampling of simple
                  graphs with prescribed degrees},
  journal      = {J. Parallel Distributed Comput.},
  volume       = {174},
  pages        = {118--129},
  year         = {2023}
}


@article{DBLP:journals/jpdc/FunkeLMPSSSL19,
  author       = {Daniel Funke and
                  Sebastian Lamm and
                  Ulrich Meyer and
                  Manuel Penschuck and
                  Peter Sanders and
                  Christian Schulz and
                  Darren Strash and
                  Moritz von Looz},
  title        = {Communication-free massively distributed graph generation},
  journal      = {J. Parallel Distributed Comput.},
  volume       = {131},
  pages        = {200--217},
  year         = {2019}
}


@article{DBLP:journals/make/MoosHASCP22,
  author       = {Janosch Moos and
                  Kay Hansel and
                  Hany Abdulsamad and
                  Svenja Stark and
                  Debora Clever and
                  Jan Peters},
  title        = {Robust Reinforcement Learning: {A} Review of Foundations and Recent
                  Advances},
  journal      = {Mach. Learn. Knowl. Extr.},
  volume       = {4},
  number       = {1},
  pages        = {276--315},
  year         = {2022}
}


@article{DBLP:journals/mp/CherkasskyG99,
  author       = {Boris V. Cherkassky and
                  Andrew V. Goldberg},
  title        = {Negative-cycle detection algorithms},
  journal      = {Math. Program.},
  volume       = {85},
  number       = {2},
  pages        = {277--311},
  year         = {1999}
}


@article{DBLP:journals/nm/Dijkstra59,
  author       = {Edsger W. Dijkstra},
  title        = {A note on two problems in connexion with graphs},
  journal      = {Numerische Mathematik},
  volume       = {1},
  pages        = {269--271},
  year         = {1959}
}


@article{DBLP:journals/rsa/ArmanGW21,
  author       = {Andrii Arman and
                  Pu Gao and
                  Nicholas C. Wormald},
  title        = {Fast uniform generation of random graphs with given degree sequences},
  journal      = {Random Struct. Algorithms},
  volume       = {59},
  number       = {3},
  pages        = {291--314},
  year         = {2021}
}


@article{DBLP:journals/rsa/MolloyR95a,
  author       = {Michael Molloy and
                  Bruce A. Reed},
  title        = {A Critical Point for Random Graphs with a Given Degree Sequence},
  journal      = {Random Struct. Algorithms},
  volume       = {6},
  number       = {2/3},
  pages        = {161--180},
  year         = {1995}
}


@article{DBLP:journals/siamcomp/GaoW17,
  author       = {Pu Gao and
                  Nicholas C. Wormald},
  title        = {Uniform Generation of Random Regular Graphs},
  journal      = {{SIAM} J. Comput.},
  volume       = {46},
  number       = {4},
  pages        = {1395--1427},
  year         = {2017}
}


@article{DBLP:journals/siamcomp/Tarjan72,
  author       = {Robert Endre Tarjan},
  title        = {Depth-First Search and Linear Graph Algorithms},
  journal      = {{SIAM} J. Comput.},
  volume       = {1},
  number       = {2},
  pages        = {146--160},
  year         = {1972}
}


@article{DBLP:journals/socnet/EverettB14,
  author       = {Martin G. Everett and
                  Stephen P. Borgatti},
  title        = {Networks containing negative ties},
  journal      = {Soc. Networks},
  volume       = {38},
  pages        = {111--120},
  year         = {2014}
}


@article{DBLP:journals/socnet/SmithHKLBB14,
  author       = {Jason M. Smith and
                  Daniel S. Halgin and
                  Virginie Kidwell{-}Lopez and
                  Giuseppe (Joe) Labianca and
                  Daniel J. Brass and
                  Stephen P. Borgatti},
  title        = {Power in politically charged networks},
  journal      = {Soc. Networks},
  volume       = {36},
  pages        = {162--176},
  year         = {2014}
}


@article{DBLP:journals/talg/BlasiusFFKMT22,
  author       = {Thomas Bl{\"{a}}sius and
                  Cedric Freiberger and
                  Tobias Friedrich and
                  Maximilian Katzmann and
                  Felix Montenegro{-}Retana and
                  Marianne Thieffry},
  title        = {Efficient Shortest Paths in Scale-Free Networks with Underlying Hyperbolic
                  Geometry},
  journal      = {{ACM} Trans. Algorithms},
  volume       = {18},
  number       = {2},
  pages        = {19:1--19:32},
  year         = {2022}
}


@article{DBLP:journals/tcs/RamalingamR96,
  author       = {G. Ramalingam and
                  Thomas W. Reps},
  title        = {On the Computational Complexity of Dynamic Graph Problems},
  journal      = {Theor. Comput. Sci.},
  volume       = {158},
  number       = {1{\&}2},
  pages        = {233--277},
  year         = {1996}
}


@article{DBLP:journals/toms/SandersLHSD18,
  author       = {Peter Sanders and
                  Sebastian Lamm and
                  Lorenz H{\"{u}}bschle{-}Schneider and
                  Emanuel Schrade and
                  Carsten Dachsbacher},
  title        = {Efficient Parallel Random Sampling - Vectorized, Cache-Efficient,
                  and Online},
  journal      = {{ACM} Trans. Math. Softw.},
  volume       = {44},
  number       = {3},
  pages        = {29:1--29:14},
  year         = {2018}
}


@article{ScaleFreeBA,
	author = {Albert-LÃ¡szlÃ³ BarabÃ¡si  and RÃ©ka Albert },
	title = {Emergence of Scaling in Random Networks},
	journal = {Science},
	volume = {286},
	number = {5439},
	pages = {509-512},
	year = {1999},
	doi = {10.1126/science.286.5439.509},
}

@article{CliquesRHG,
	author = {Bl\"{a}sius, Thomas and Friedrich, Tobias and Krohmer, Anton},
	title = {Cliques in Hyperbolic Random Graphs},
	year = {2018},
	volume = {80},
	number = {8},
	doi = {10.1007/s00453-017-0323-3},
	journal = {Algorithmica},
	pages = {2324â€“2344},
}

@article{DBLP:journals/corr/FriedrichK15,
  author       = {Tobias Friedrich and
                  Anton Krohmer},
  title        = {On the diameter of hyperbolic random graphs},
  journal      = {CoRR},
  volume       = {abs/1512.00184},
  year         = {2015}
}


@inproceedings{TreewidthRHG,
	author = {Bl\"{a}sius, Thomas and Friedrich, Tobias and Krohmer, Anton},
	title = {{Hyperbolic Random Graphs: Separators and Treewidth}},
	booktitle = {24th Annual European Symposium on Algorithms (ESA 2016)},
	pages = {15:1--15:16},
	series = {Leibniz International Proceedings in Informatics (LIPIcs)},
	year = {2016},
	publisher = {Schloss Dagstuhl -- Leibniz-Zentrum f{\"u}r Informatik},
	doi = {10.4230/LIPIcs.ESA.2016.15},
}

@inproceedings{HyperGen,
	author = {Penschuck, Manuel},
	title = {{Generating Practical Random Hyperbolic Graphs in Near-Linear Time and with Sub-Linear Memory}},
	booktitle = {16th International Symposium on Experimental Algorithms (SEA 2017)},
	pages = {26:1--26:21},
	series = {Leibniz International Proceedings in Informatics (LIPIcs)},
	year = {2017},
	publisher = {Schloss Dagstuhl -- Leibniz-Zentrum f{\"u}r Informatik},
	doi = {10.4230/LIPIcs.SEA.2017.26},
}

@article{DBLP:journals/corr/abs-1905-06706,
  author       = {Thomas Bl{\"{a}}sius and
                  Tobias Friedrich and
                  Maximilian Katzmann and
                  Ulrich Meyer and
                  Manuel Penschuck and
                  Christopher Weyand},
  title        = {Efficiently Generating Geometric Inhomogeneous and Hyperbolic Random
                  Graphs},
  journal      = {CoRR},
  volume       = {abs/1905.06706},
  year         = {2019}
}


@article{DBLP:journals/corr/LoozOLM16,
  author       = {Moritz von Looz and
                  Mustafa {\"{O}}zdayi and
                  S{\"{o}}ren Laue and
                  Henning Meyerhenke},
  title        = {Generating massive complex networks with hyperbolic geometry faster
                  in practice},
  journal      = {CoRR},
  volume       = {abs/1606.09481},
  year         = {2016}
}


@article{FibonacciHeaps,
	author = {Fredman, Michael L. and Tarjan, Robert Endre},
	title = {Fibonacci heaps and their uses in improved network optimization algorithms},
	year = {1987},
	volume = {34},
	number = {3},
	doi = {10.1145/28869.28874},
	journal = {J. ACM},
	pages = {596â€“615},
}

@article{RadixHeaps,
	author = {Ahuja, Ravindra K. and Mehlhorn, Kurt and Orlin, James and Tarjan, Robert E.},
	title = {Faster algorithms for the shortest path problem},
	year = {1990},
	volume = {37},
	number = {2},
	doi = {10.1145/77600.77615},
	journal = {J. ACM},
	pages = {213â€“223},
}

@book{SPFA,
	title = {The Shortest Path Through a Maze},
	author = {Moore, E.F.},
	series = {Bell Telephone System. Technical publications. monograph},
	year = {1959},
	publisher = {Bell Telephone System.}
}

@inproceedings{PowerlawRHG,
	author = "Gugelmann, Luca
and Panagiotou, Konstantinos
and Peter, Ueli",
	title = "Random Hyperbolic Graphs: Degree Sequence and Clustering",
	booktitle = "Automata, Languages, and Programming",
	year = "2012",
	publisher = "Springer Berlin Heidelberg",
	pages = "573--585",
}

@article{DiameterRHG1,
	title = {The diameter of KPKVB random graphs},
	volume = {51},
	number = {2},
	journal = {Advances in Applied Probability},
	author = {MÃ¼ller, Tobias and Staps, Merlijn},
	year = {2019},
}

@article{DiameterRHG2,
	author = {Friedrich, Tobias and Krohmer, Anton},
	title = {On the Diameter of Hyperbolic Random Graphs},
	journal = {SIAM Journal on Discrete Mathematics},
	volume = {32},
	number = {2},
	pages = {1314-1334},
	year = {2018},
	doi = {10.1137/17M1123961},
}

@misc{RNEW,
	title = {Uniform Sampling of Negative Edge Weights in Shortest Path Networks}, 
	author = {Lukas Geis and Daniel Allendorf and Thomas BlÃ¤sius and Alexander Leonhardt and Ulrich Meyer and Manuel Penschuck and Hung Tran},
	year = {2024},
	eprint = {2410.22717},
	archivePrefix = {arXiv},
}

@inproceedings{RadiusStepping,
	author = {Blelloch, Guy E. and Gu, Yan and Sun, Yihan and Tangwongsan, Kanat},
	title = {Parallel Shortest Paths Using Radius Stepping},
	year = {2016},
	publisher = {Association for Computing Machinery},
	doi = {10.1145/2935764.2935765},
	booktitle = {Proceedings of the 28th ACM Symposium on Parallelism in Algorithms and Architectures},
	pages = {443â€“454},
	series = {SPAA '16}
}

@inproceedings{DeltaStepping,
	author = "Meyer, Ulrich
and Sanders, Peter",
	title = "$\Delta$-Stepping : A Parallel Single Source Shortest Path Algorithm",
	booktitle = "Algorithms --- ESA' 98",
	year = "1998",
	publisher = "Springer Berlin Heidelberg",
	pages = "393--404",
}

@inproceedings{SteppingAlgorithms,
	author = {Dong, Xiaojun and Gu, Yan and Sun, Yihan and Zhang, Yunming},
	title = {Efficient Stepping Algorithms and Implementations for Parallel Shortest Paths},
	year = {2021},
	publisher = {Association for Computing Machinery},
	doi = {10.1145/3409964.3461782},
	booktitle = {Proceedings of the 33rd ACM Symposium on Parallelism in Algorithms and Architectures},
	pages = {184â€“197},
	series = {SPAA '21}
}

@inproceedings{ApproxSSSP,
	author = {Cao, Nairen and Fineman, Jeremy T. and Russell, Katina},
	title = {Efficient construction of directed hopsets and parallel approximate shortest paths},
	year = {2020},
	publisher = {Association for Computing Machinery},
	doi = {10.1145/3357713.3384270},
	booktitle = {Proceedings of the 52nd Annual ACM SIGACT Symposium on Theory of Computing},
	pages = {336â€“349},
	series = {STOC 2020}
}

@inproceedings{krhoShortcutting,
	author = {Alexander Leonhardt and
Ulrich Meyer and
Manuel Penschuck},
	title = {Insights into $(k, \rho)$-shortcutting algorithms},
	booktitle = {32nd Annual European Symposium on Algorithms (ESA 2024)},
	pages = {TBD},
	publisher = {Schloss Dagstuhl -- Leibniz-Zentrum f{\"u}r Informatik},
	year = {2024}
}

@inproceedings{DeltaSteppingImprov1,
	author = {Nguyen, Donald and Lenharth, Andrew and Pingali, Keshav},
	title = {A lightweight infrastructure for graph analytics},
	year = {2013},
	publisher = {Association for Computing Machinery},
	doi = {10.1145/2517349.2522739},
	booktitle = {Proceedings of the Twenty-Fourth ACM Symposium on Operating Systems Principles},
	pages = {456â€“471},
	series = {SOSP '13}
}

@inproceedings{DeltaSteppingImprov2,
	author = {Dhulipala, Laxman and Blelloch, Guy and Shun, Julian},
	title = {Julienne: A Framework for Parallel Graph Algorithms using Work-efficient Bucketing},
	year = {2017},
	publisher = {Association for Computing Machinery},
	doi = {10.1145/3087556.3087580},
	booktitle = {Proceedings of the 29th ACM Symposium on Parallelism in Algorithms and Architectures},
	pages = {293â€“304},
	series = {SPAA '17}
}

@inproceedings{NegSSSPNearLinear,
	author = {Bernstein, Aaron and Nanongkai, Danupon and Wulff-Nilsen, Christian},
	booktitle = {2022 IEEE 63rd Annual Symposium on Foundations of Computer Science (FOCS)}, 
	title = {Negative-Weight Single-Source Shortest Paths in Near-linear Time}, 
	year = {2022},
	pages = {600-611},
	doi = {10.1109/FOCS54457.2022.00063}
}

@inproceedings{NegSSSPNowFaster,
	author = {Bringmann, Karl and Cassis, Alejandro and Fischer, Nick},
	year = {2023},
	pages = {515-538},
	title = {Negative-Weight Single-Source Shortest Paths in Near-Linear Time: Now Faster!},
	doi = {10.1109/FOCS57990.2023.00038}
}

@article{Scaling1,
	title = {Scaling algorithms for network problems},
	author = {Harold N. Gabow},
	journal = {24th Annual Symposium on Foundations of Computer Science (sfcs 1983)},
	year = {1983},
	pages = {248-258},
}

@article{Scaling2,
	author = {Gabow, Harold N. and Tarjan, Robert E.},
	title = {Faster Scaling Algorithms for Network Problems},
	journal = {SIAM Journal on Computing},
	volume = {18},
	number = {5},
	pages = {1013-1036},
	year = {1989},
	doi = {10.1137/0218069},
}

@article{Scaling3,
	author = {Andrew V. Goldberg},
	title = {Scaling Algorithms for the Shortest Paths Problem},
	journal = {{SIAM} J. Comput.},
	volume = {24},
	number = {3},
	pages = {494--504},
	year = {1995},
	doi = {10.1137/S0097539792231179},
}

@article{NegSSSPPlanar1,
	author = {Lipton, Richard J. and Rose, Donald J. and Tarjan, Robert Endre},
	title = {Generalized Nested Dissection},
	journal = {SIAM Journal on Numerical Analysis},
	volume = {16},
	number = {2},
	pages = {346-358},
	year = {1979},
	doi = {10.1137/0716027},
}

@inproceedings{NegSSSPPlanar2,
	author = {Klein, Philip and Rao, Satish and Rauch, Monika and Subramanian, Sairam},
	title = {Faster shortest-path algorithms for planar graphs},
	year = {1994},
	publisher = {Association for Computing Machinery},
	doi = {10.1145/195058.195092},
	booktitle = {Proceedings of the Twenty-Sixth Annual ACM Symposium on Theory of Computing},
	pages = {27â€“37},
	series = {STOC '94}
}

@inproceedings{NegSSSPPlanar3,
	author = {Fakcharoenphol, J. and Rao, S.},
	booktitle = {Proceedings 42nd IEEE Symposium on Foundations of Computer Science}, 
	title = {Planar graphs, negative weight edges, shortest paths, and near linear time}, 
	year = {2001},
	pages = {232-241},
	doi = {10.1109/SFCS.2001.959897}
}

@inproceedings{NegSSSPPlanar4,
	author = {Klein, Philip and Mozes, Shay and Weimann, Oren},
	title = {Shortest paths in directed planar graphs with negative lengths: a linear-space O(n log2 n)-time algorithm},
	year = {2009},
	publisher = {Society for Industrial and Applied Mathematics},
	booktitle = {Proceedings of the Twentieth Annual ACM-SIAM Symposium on Discrete Algorithms},
	pages = {236â€“245},
	series = {SODA '09}
}

@inproceedings{NegSSSPDense,
	author = "Sankowski, Piotr",
	title = "Shortest Paths in Matrix Multiplication Time",
	booktitle = "Algorithms -- ESA 2005",
	year = "2005",
	publisher = "Springer Berlin Heidelberg",
	pages = "770--778",
}

@inbook{MinFlow1,
	author = {Michael B. Cohen and Aleksander MÄ…dry and Piotr Sankowski and Adrian Vladu},
	title = {Negative-Weight Shortest Paths and Unit Capacity Minimum Cost Flow in Ã• (<italic>m</italic><sup>10/7</sup> log <italic>W</italic>) Time (Extended Abstract)},
	booktitle = {Proceedings of the 2017 Annual ACM-SIAM Symposium on Discrete Algorithms (SODA)},
	pages = {752-771},
	doi = {10.1137/1.9781611974782.48},
}

@inproceedings{MinFlow2,
	author = {Axiotis, Kyriakos and MÄ…dry, Aleksander and Vladu, Adrian},
	booktitle = {2020 IEEE 61st Annual Symposium on Foundations of Computer Science (FOCS)}, 
	title = {Circulation Control for Faster Minimum Cost Flow in Unit-Capacity Graphs}, 
	year = {2020},
	pages = {93-104},
	doi = {10.1109/FOCS46700.2020.00018}
}

@inproceedings{MinFlow3,
	author = {van den Brand, Jan and Lee, Yin-Tat and Nanongkai, Danupon and Peng, Richard and Saranurak, Thatchaphol and Sidford, Aaron and Song, Zhao and Wang, Di},
	booktitle = {2020 IEEE 61st Annual Symposium on Foundations of Computer Science (FOCS)}, 
	title = {Bipartite Matching in Nearly-linear Time on Moderately Dense Graphs}, 
	year = {2020},
	pages = {919-930},
	doi = {10.1109/FOCS46700.2020.00090}
}

@inproceedings{MinFlow4,
	author = {van den Brand, Jan and Lee, Yin Tat and Liu, Yang P. and Saranurak, Thatchaphol and Sidford, Aaron and Song, Zhao and Wang, Di},
	title = {Minimum cost flows, MDPs, and $\ell$1-regression in nearly linear time for dense instances},
	year = {2021},
	publisher = {Association for Computing Machinery},
	doi = {10.1145/3406325.3451108},
	booktitle = {Proceedings of the 53rd Annual ACM SIGACT Symposium on Theory of Computing},
	pages = {859â€“869},
	series = {STOC 2021}
}

@inproceedings{MinFlowNearLinear,
	author = {Chen, Li and Kyng, Rasmus and Liu, Yang P. and Peng, Richard and Gutenberg, Maximilian Probst and Sachdeva, Sushant},
	booktitle = {2022 IEEE 63rd Annual Symposium on Foundations of Computer Science (FOCS)}, 
	title = {Maximum Flow and Minimum-Cost Flow in Almost-Linear Time}, 
	year = {2022},
	pages = {612-623},
	doi = {10.1109/FOCS54457.2022.00064}
}

@article{Reservoir,
	author = {Vitter, Jeffrey S.},
	title = {Random Sampling with a Reservoir},
	year = {1985},
	volume = {11},
	number = {1},
	doi = {10.1145/3147.3165},
	journal = {ACM Trans. Math. Softw.},
	pages = {37-57},
}

@inproceedings{ParShuffle,
	author = {Penschuck, Manuel},
	title = {{Engineering Shared-Memory Parallel Shuffling to Generate Random Permutations In-Place}},
	booktitle = {21st International Symposium on Experimental Algorithms (SEA 2023)},
	pages = {5:1--5:20},
	series = {Leibniz International Proceedings in Informatics (LIPIcs)},
	year = {2023},
	publisher = {Schloss Dagstuhl -- Leibniz-Zentrum f{\"u}r Informatik},
	doi = {10.4230/LIPIcs.SEA.2023.5},
}

@inproceedings{ForkJoin,
	author = {Conway, Melvin E.},
	title = {A multiprocessor system design},
	year = {1963},
	publisher = {Association for Computing Machinery},
	doi = {10.1145/1463822.1463838},
	booktitle = {Proceedings of the November 12-14, 1963, Fall Joint Computer Conference},
	pages = {139â€“146},
	series = {AFIPS '63 (Fall)}
}

@book{zuse1972plankalkuel,
	title = {Der Plankalk{\"u}l},
	author = {Zuse, K.},
	series = {Berichte der Gesellschaft f{\"u}r Mathematik und Datenverarbeitung},
	year = {1972},
	publisher = {Gesellschaft f{\"u}r Mathematik und Datenverarbeitung}
}

@article{toposort,
	author = {Kahn, A. B.},
	title = {Topological sorting of large networks},
	year = {1962},
	volume = {5},
	number = {11},
	doi = {10.1145/368996.369025},
	journal = {Commun. ACM},
	pages = {558â€“562},
}

@inproceedings{PRAM,
	author = {Fortune, Steven and Wyllie, James},
	title = {Parallelism in random access machines},
	year = {1978},
	publisher = {Association for Computing Machinery},
	doi = {10.1145/800133.804339},
	booktitle = {Proceedings of the Tenth Annual ACM Symposium on Theory of Computing},
	pages = {114â€“118},
	series = {STOC '78}
}

@book{MarkovChainsOrig,
	author = "A. A. Markov",
	title = "Extension of the law of large numbers to dependent quantities (in {Russian})",
	publisher = "Izvestiia Fiz. -Matem. Obsch",
	year = 1906
}

@misc{MarkovErgodicProof,
	title = {Various proofs of the Fundamental Theorem of Markov Chains}, 
	author = {Somenath Biswas},
	year = {2022},
	eprint = {2204.00784},
	archivePrefix = {arXiv},
}

@book{MarkovMemoryless,
	author = "Kurt, N. : Markov-Ketten",
	title = "In: {Stochastik} fÃ¼r {Informatiker}: {Eine} {Einf}Ã¼hrung in einheitlich strukturierten {Lerneinheiten}",
	publisher = "Berlin, Heidelberg : Springer Berlin Heidelberg",
	year = 2020
}

@inproceedings{MCApp1,
	author = {Al-Anzi, Fawaz and AbuZeina, Dia},
	year = {2016},
	pages = {53-62},
	title = {A Survey of Markov Chain Models in Linguistics Applications},
	doi = {10.5121/csit.2016.61305}
}

@incollection{MCApp2,
	author = {Frieze, Alan and Vigoda, Eric},
	title = "{53A SURVEY ON THE USE OF MARKOV CHAINS TO RANDOMLY SAMPLE COLOURINGS}",
	booktitle = "{Combinatorics, Complexity, and Chance: A Tribute to Dominic Welsh}",
	publisher = {Oxford University Press},
	doi = {10.1093/acprof:oso/9780198571278.003.0004},
}

@article{CouponCollector,
	title = {Birthday paradox, coupon collectors, caching algorithms and self-organizing search},
	journal = {Discrete Applied Mathematics},
	volume = {39},
	number = {3},
	pages = {207-229},
	year = {1992},
	doi = {https://doi.org/10.1016/0166-218X(92)90177-C},
	author = {Philippe Flajolet and DaniÃ¨le Gardy and LoÃ¿s Thimonier},
}

@book{TJoin,
	title = "Wiley-interscience series in discrete mathematics and
optimization",
	publisher = "John Wiley \& Sons, Inc.",
	year = 2014,
}

@article{UnifyingFramework,
	title = {A unifying framework for fast randomization of ecological networks with fixed (node) degrees},
	journal = {MethodsX},
	volume = {5},
	pages = {773-780},
	year = {2018},
	doi = {https://doi.org/10.1016/j.mex.2018.06.018},
	author = {Corrie Jacobien Carstens and Annabell Berger and Giovanni Strona},
}
